<record><leader>00000cas a22000007a 4500</leader><controlfield tag="001">13299807</controlfield><controlfield tag="008">860315d19031926idudn ne      0    0eng d</controlfield><datafield ind1=" " ind2=" " tag="010"><subfield code="a">sn 86091249 </subfield></datafield><datafield ind1=" " ind2=" " tag="040"><subfield code="a">UNP</subfield><subfield code="b">eng</subfield><subfield code="c">UNP</subfield><subfield code="d">DLC</subfield><subfield code="d">NVB</subfield><subfield code="d">OCLCQ</subfield><subfield code="d">OCLCF</subfield><subfield code="d">OCLCO</subfield></datafield><datafield ind1="1" ind2=" " tag="029"><subfield code="a">AU@</subfield><subfield code="b">000025797865</subfield></datafield><datafield ind1=" " ind2=" " tag="042"><subfield code="a">msc</subfield></datafield><datafield ind1=" " ind2=" " tag="043"><subfield code="a">n-us-id</subfield></datafield><datafield ind1=" " ind2="4" tag="050"><subfield code="a">AN2.I2</subfield><subfield code="b">I22</subfield></datafield><datafield ind1="0" ind2="0" tag="245"><subfield code="a">Idaho Falls daily post.</subfield></datafield><datafield ind1="3" ind2="0" tag="246"><subfield code="a">Idaho Falls Sunday post</subfield></datafield><datafield ind1=" " ind2=" " tag="260"><subfield code="a">Idaho Falls, Idaho :</subfield><subfield code="b">Post Co.</subfield></datafield><datafield ind1=" " ind2=" " tag="300"><subfield code="a">v. :</subfield><subfield code="b">ill.</subfield></datafield><datafield ind1=" " ind2=" " tag="310"><subfield code="a">Daily (except Sat.),</subfield><subfield code="b">May-July 1926</subfield></datafield><datafield ind1=" " ind2=" " tag="321"><subfield code="a">Daily (except Sun.),</subfield><subfield code="b">&lt;Mar. 31, 1916&gt;-Oct. 9, 1920</subfield></datafield><datafield ind1=" " ind2=" " tag="321"><subfield code="a">Daily,</subfield><subfield code="b">Oct. 10, 1920-May 1926</subfield></datafield><datafield ind1="1" ind2=" " tag="362"><subfield code="a">Began in 1903.</subfield></datafield><datafield ind1=" " ind2=" " tag="500"><subfield code="a">Sunday ed. usually titled: Idaho Falls Sunday post, Oct. 1920-1926.</subfield></datafield><datafield ind1=" " ind2=" " tag="588"><subfield code="a">Description based on: Vol. 11, no. 84 (Mar. 31, 1916).</subfield></datafield><datafield ind1=" " ind2="0" tag="651"><subfield code="a">Idaho Falls (Idaho)</subfield><subfield code="v">Newspapers.</subfield></datafield><datafield ind1=" " ind2="7" tag="655"><subfield code="a">Newspapers.</subfield><subfield code="2">fast</subfield><subfield code="0">(OCoLC)fst01423814</subfield></datafield><datafield ind1=" " ind2="7" tag="651"><subfield code="a">Idaho</subfield><subfield code="z">Idaho Falls.</subfield><subfield code="2">fast</subfield><subfield code="0">(OCoLC)fst01210435</subfield></datafield><datafield ind1=" " ind2=" " tag="752"><subfield code="a">United States</subfield><subfield code="b">Idaho</subfield><subfield code="c">Bonneville</subfield><subfield code="d">Idaho Falls.</subfield></datafield><datafield ind1=" " ind2=" " tag="752"><subfield code="a">United States</subfield><subfield code="b">Idaho</subfield><subfield code="c">Bingham</subfield><subfield code="d">Idaho Falls.</subfield></datafield><datafield ind1="0" ind2="0" tag="785"><subfield code="t">Idaho Falls post</subfield><subfield code="w">(DLC)sn 86091250</subfield><subfield code="w">(OCoLC)13299842</subfield></datafield></record>